@article{lehmann2015dbpedia,
  title={{DBpedia--a large-scale, multilingual knowledge base extracted from Wikipedia}},
  author={Lehmann, Jens and Isele, Robert and Jakob, Max and Jentzsch, Anja and Kontokostas, Dimitris and Mendes, Pablo N and Hellmann, Sebastian and Morsey, Mohamed and Van Kleef, Patrick and Auer, S{\"o}ren and others},
  journal={Semantic Web},
  volume={6},
  number={2},
  pages={167--195},
  year={2015},
  publisher={IOS Press}
}

@inproceedings{bollacker2007platform,
  title={{A platform for scalable, collaborative, structured information integration}},
  author={Bollacker, Kurt and Tufts, Patrick and Pierce, Tomi and Cook, Robert},
  booktitle={Intl. Workshop on Information Integration on the Web (IIWeb’07)},
  year={2007}
}

@misc{zaveriquality,
  title={{Quality assessment methodologies for linked open data. Semantic Web Journal (2014)}},
  author={Zaveri, A and Rula, A and Maurino, A and Pietrobon, R and Lehmann, J and Auer, S}
}

@article{klyne2006resource,
  title={{Resource description framework (RDF): Concepts and abstract syntax}},
  author={Klyne, Graham and Carroll, Jeremy J},
  year={2006}
}

@inproceedings{suchanek2007yago,
  title={{Yago: a core of semantic knowledge}},
  author={Suchanek, Fabian M and Kasneci, Gjergji and Weikum, Gerhard},
  booktitle={Proceedings of the 16th international conference on World Wide Web},
  pages={697--706},
  year={2007},
  organization={ACM}
}

@inproceedings{schuster2016enhanced,
  title={{Enhanced English Universal Dependencies: An Improved Representation for Natural Language Understanding Tasks.}},
  author={Schuster, Sebastian and Manning, Christopher D},
  booktitle={LREC},
  year={2016}
}

@inproceedings{mendes2011dbpedia,
  title={DBpedia spotlight: shedding light on the web of documents},
  author={Mendes, Pablo N and Jakob, Max and Garc{\'\i}a-Silva, Andr{\'e}s and Bizer, Christian},
  booktitle={Proceedings of the 7th international conference on semantic systems},
  pages={1--8},
  year={2011},
  organization={ACM}
}

@inproceedings{gerber2012extracting,
  title={Extracting multilingual natural-language patterns for rdf predicates},
  author={Gerber, Daniel and Ngomo, Axel-Cyrille Ngonga},
  booktitle={International Conference on Knowledge Engineering and Knowledge Management},
  pages={87--96},
  year={2012},
  organization={Springer}
}

@inproceedings{Gerber2011,
  added-at = {2018-01-07T17:54:38.000+0100},
  author = {Gerber, Daniel and {Ngonga Ngomo}, Axel-Cyrille},
  biburl = {https://www.bibsonomy.org/bibtex/28225ebcc3c8f29f053b7684d47dd66c7/aksw},
  booktitle = {1st Workshop on Web Scale Knowledge Extraction @ ISWC 2011},
  interhash = {0918df367910dce80d220f6ac428fd59},
  intrahash = {8225ebcc3c8f29f053b7684d47dd66c7},
  keywords = {2011 SIMBA boa event_iswc event_wekex gerber group_aksw ngonga},
  owner = {gerb},
  timestamp = {2018-01-07T17:54:38.000+0100},
  title = {{Bootstrapping the Linked Data Web}},
  year = 2011
}

@article{blumberg2003problem,
  title={{The problem with unstructured data}},
  author={Blumberg, Robert and Atre, Shaku},
  journal={Dm Review},
  volume={13},
  number={42-49},
  pages={62},
  year={2003},
  publisher={POWELL PUBLISHING INC}
}


@inproceedings{nakashole2012patty,
  title={{PATTY: A taxonomy of relational patterns with semantic types}},
  author={Nakashole, Ndapandula and Weikum, Gerhard and Suchanek, Fabian},
  booktitle={Proceedings of the 2012 Joint Conference on Empirical Methods in Natural Language Processing and Computational Natural Language Learning},
  pages={1135--1145},
  year={2012},
  organization={Association for Computational Linguistics}
}

@inproceedings{hartig2008trustworthiness,
  title={{Trustworthiness of data on the web}},
  author={Hartig, Olaf},
  booktitle={Proceedings of the STI Berlin \& CSW PhD Workshop},
  year={2008}
}

@article{hartig2010publishing,
  title={{Publishing and Consuming Provenance Metadata on the Web of Linked Data.}},
  author={Hartig, Olaf and Zhao, Jun},
  journal={IPAW},
  volume={6378},
  pages={78--90},
  year={2010},
  publisher={Springer}
}

@article{nakamura2007trustworthiness,
  title={{Trustworthiness analysis of web search results}},
  author={Nakamura, Satoshi and Konishi, Shinji and Jatowt, Adam and Ohshima, Hiroaki and Kondo, Hiroyuki and Tezuka, Taro and Oyama, Satoshi and Tanaka, Katsumi},
  journal={Research and advanced technology for digital libraries},
  pages={38--49},
  year={2007},
  publisher={Springer}
}

@inproceedings{Pasternack2010,
 author = {Pasternack, Jeff and Roth, Dan},
 title = {{Knowing What to Believe (when You Already Know Something)}},
 booktitle = {Proceedings of the 23rd International Conference on Computational Linguistics},
 series = {COLING '10},
 year = {2010},
 location = {Beijing, China},
 pages = {877--885},
 numpages = {9},
 url = {http://dl.acm.org/citation.cfm?id=1873781.1873880},
 acmid = {1873880},
 publisher = {Association for Computational Linguistics},
 address = {Stroudsburg, PA, USA},
} 

@inproceedings{pasternack2011making,
  title={{Making Better Informed Trust Decisions with Generalized Fact-Finding}},
  author={Pasternack, Jeff and Roth, Dan},
  booktitle={IJCAI},
  volume={11},
  pages={2324--2329},
  year={2011}
}

@article{Kleinberg1999,
 author = {Kleinberg, Jon M.},
 title = {Authoritative Sources in a Hyperlinked Environment},
 journal = {J. ACM},
 issue_date = {Sept. 1999},
 volume = {46},
 number = {5},
 month = sep,
 year = {1999},
 pages = {604--632},
 numpages = {29},
 publisher = {ACM},
 address = {New York, NY, USA}
}

@article{Yin2008, 
author={X. Yin and J. Han and P. S. Yu}, 
journal={IEEE Transactions on Knowledge and Data Engineering}, 
title={{Truth Discovery with Multiple Conflicting Information Providers on the Web}}, 
year={2008}, 
volume={20}, 
number={6}, 
pages={796-808},
doi={10.1109/TKDE.2007.190745}, 
ISSN={1041-4347}, 
month={June},}

@inproceedings{galland2010,
  title={{Corroborating Information from Disagreeing Views}},
  author={Galland, Alban and Abiteboul, Serge and Marian, Am{\'e}lie and Senellart, Pierre},
  booktitle={Proceedings of the third ACM international conference on Web search and data mining},
  pages={131--140},
  year={2010},
  organization={ACM}
}

@inproceedings{Samadi2016,
 author = {Samadi, Mehdi and Talukdar, Partha and Veloso, Manuela and Blum, Manuel},
 title = {ClaimEval: Integrated and Flexible Framework for Claim Evaluation Using Credibility of Sources},
 booktitle = {Proceedings of the Thirtieth AAAI Conference on Artificial Intelligence},
 series = {AAAI'16},
 year = {2016},
 location = {Phoenix, Arizona},
 pages = {222--228},
 numpages = {7},
 url = {http://dl.acm.org/citation.cfm?id=3015812.3015845},
 acmid = {3015845},
 publisher = {AAAI Press},
} 

@inproceedings{yangarber1998nyu,
  title={{NYU: Description of the Proteus/PET System as Used for MUC-7 ST}},
  author={Yangarber, Roman and Grishman, Ralph},
  booktitle={Seventh Message Understanding Conference (MUC-7): Proceedings of a Conference Held in Fairfax, Virginia, April 29-May 1, 1998},
  year={1998}
}

@article{augenstein2012lodifier,
  title={{Lodifier: Generating linked data from unstructured text}},
  author={Augenstein, Isabelle and Pad{\'o}, Sebastian and Rudolph, Sebastian},
  journal={The Semantic Web: Research and Applications},
  pages={210--224},
  year={2012},
  publisher={Springer}
}

@article{krause2012large,
  title={{Large-scale learning of relation-extraction rules with distant supervision from the web}},
  author={Krause, Sebastian and Li, Hong and Uszkoreit, Hans and Xu, Feiyu},
  journal={The Semantic Web--ISWC 2012},
  pages={263--278},
  year={2012},
  publisher={Springer}
}

@article{gerber2015defacto,
  title={{Defacto—temporal and multilingual deep fact validation}},
  author={Gerber, Daniel and Esteves, Diego and Lehmann, Jens and B{\"u}hmann, Lorenz and Usbeck, Ricardo and Ngomo, Axel-Cyrille Ngonga and Speck, Ren{\'e}},
  journal={Web Semantics: Science, Services and Agents on the World Wide Web},
  volume={35},
  pages={85--101},
  year={2015},
  publisher={Elsevier}
}

@InProceedings{Lehmann2010,
author="Lehmann, Jens and Gerber, Daniel and Morsey, Mohamed and Ngonga Ngomo, Axel-Cyrille",
title={{DeFacto - Deep Fact Validation}},
booktitle="The Semantic Web -- ISWC 2012",
year="2012",
publisher="Springer Berlin Heidelberg",
address="Berlin, Heidelberg",
pages="312--327"
}

@inproceedings{dong2014knowledge,
  title={Knowledge vault: A web-scale approach to probabilistic knowledge fusion},
  author={Dong, Xin and Gabrilovich, Evgeniy and Heitz, Geremy and Horn, Wilko and Lao, Ni and Murphy, Kevin and Strohmann, Thomas and Sun, Shaohua and Zhang, Wei},
  booktitle={Proceedings of the 20th ACM SIGKDD international conference on Knowledge discovery and data mining},
  pages={601--610},
  year={2014},
  organization={ACM}
}

  @inproceedings{mintz2009distant,
  title={{Distant supervision for relation extraction without labeled data}},
  author={Mintz, Mike and Bills, Steven and Snow, Rion and Jurafsky, Dan},
  booktitle={Proceedings of the Joint Conference of the 47th Annual Meeting of the ACL and the 4th International Joint Conference on Natural Language Processing of the AFNLP: Volume 2-Volume 2},
  pages={1003--1011},
  year={2009},
  organization={Association for Computational Linguistics}
}

@inproceedings{roder2015exploring,
  title={Exploring the space of topic coherence measures},
  author={R{\"o}der, Michael and Both, Andreas and Hinneburg, Alexander},
  booktitle={Proceedings of the eighth ACM international conference on Web search and data mining},
  pages={399--408},
  year={2015},
  organization={ACM}
}

@inproceedings{aletras2013evaluating,
  title={Evaluating topic coherence using distributional semantics},
  author={Aletras, Nikolaos and Stevenson, Mark},
  booktitle={Proceedings of the 10th International Conference on Computational Semantics (IWCS 2013)--Long Papers},
  pages={13--22},
  year={2013}
}

@inproceedings{manning2014stanford,
  title={{The Stanford CoreNLP natural language processing toolkit}},
  author={Manning, Christopher and Surdeanu, Mihai and Bauer, John and Finkel, Jenny and Bethard, Steven and McClosky, David},
  booktitle={Proceedings of 52nd annual meeting of the association for computational linguistics: system demonstrations},
  pages={55--60},
  year={2014}
}

@inproceedings{Hare2017,
  added-at = {2018-03-13T17:17:53.000+0100},
  author = {{Ngonga Ngomo}, {Axel-Cyrille} and Hoffmann, Michael and Usbeck, Ricardo and Jha, Kunal},
  biburl = {https://www.bibsonomy.org/bibtex/27895943c3bb7d9521374961ccb865d20/aksw},
  booktitle = {2017 {IEEE} International Conference on Big Data},
  interhash = {90a53863e32a226338f8eb5035c97c13},
  intrahash = {7895943c3bb7d9521374961ccb865d20},
  keywords = {dice diesel group_aksw hare hoffmann kunaljha limboproject ngonga opal project-hobbit projecthobbit qamel simba solide usbeck},
  pages = 10,
  timestamp = {2018-03-13T17:17:53.000+0100},
  title = {Holistic and Scalable Ranking of RDF Data},
  url = {https://svn.aksw.org/papers/2017/ESWC_HARE/public.pdf},
  year = 2017
}

@inproceedings{weka2016,
  title={{The WEKA Workbench}},
  booktitle={{Data Mining: Practical machine learning tools and techniques}},
  author={Eibe Frank and Mark A. Hall and and Ian H. Witten},
  year={2016},
  publisher={Morgan Kaufmann}
}